@article{vanLon2017gpem,
  Author = {van~Lon, Rinde R. S. and Branke, Juergen, and Holvoet, Tom},
  Journal = {Genetic Programming and Evolvable Machines},
  Title = {Optimizing agents with genetic programming: an evaluation of hyper-heuristics in dynamic real-time logistics},
  pages= {1--28},
  issn= {1573-7632},
  Note = {\doi{10.1007/s10710-017-9300-5}},
  Year = {2017}}