@article{vanLon2017jaamas,
  author = {van Lon, Rinde R.S. and Holvoet, Tom},
  title = {When do agents outperform centralized algorithms? A systematic empirical evaluation in logistics},
  journal = {Autonomous Agents and Multi-agent Systems},
  year = {2017},
  doi = {10.1007/s10458-017-9371-y},
  issn = {1387-2532},
}