@incollection{vanLon2015prima,
  Address = {Cham},
  Author = {van~Lon, Rinde R. S. and Holvoet, Tom},
  Booktitle = {PRIMA 2015: Principles and Practice of Multi-Agent Systems: 18th International Conference, Bertinoro, Italy, October 26-30, 2015, Proceedings},
  note = {\href{http://dx.doi.org/10.1007/978-3-319-25524-8_16}{doi:10.1007/978-3-319-25524-8\_16}},
  Editor = {Chen, Qingliang and Torroni, Paolo and Villata, Serena and Hsu, Jane and Omicini, Andrea},
  Isbn = {978-3-319-25524-8},
  Pages = {248--264},
  Publisher = {Springer International Publishing},
  Title = {Towards Systematic Evaluation of Multi-agent Systems in Large Scale and Dynamic Logistics},
  Year = {2015}}