@article{vanLon2016ejor,
  Author = {Rinde R. S. van~Lon and Eliseo Ferrante and Ali E. Turgut and Tom Wenseleers and Greet {Vanden Berghe} and Tom Holvoet},
  Note = {\doi{10.1016/j.ejor.2016.03.021}},
  Issn = {0377-2217},
  Journal = {European Journal of Operational Research},
  Number = {3},
  Pages = {614--624},
  Title = {Measures of dynamism and urgency in logistics},
  Volume = {253},
  Year = {2016}}