@inproceedings{vanLon2012saso,
address = {Lyon, France},
author = {van~Lon, Rinde R. S. and Holvoet, Tom},
note = {\doi{10.1109/SASO.2012.41}},
booktitle = {Proceedings of the 6th IEEE International Conference on Self-Adaptive and Self-Organizing Systems (SASO 2012)},
pages = {231--232},
title = {Rin{S}im: A Simulator for Collective Adaptive Systems in Transportation and Logistics},
year = {2012}
}